<?xml version="1.0" encoding="utf-8"?>
<record xmlns="http://www.loc.gov/MARC21/slim" xmlns:xsi="http://www.w3.org/2001/XMLSchema-instance" xsi:schemaLocation="http://www.loc.gov/MARC21/slim http://www.loc.gov/standards/marcxml/schema/MARC21slim.xsd">
	<leader>     nam a22     Mi 4500</leader>
	<controlfield tag="001">650564</controlfield>
	<controlfield tag="003">NNC</controlfield>
	<controlfield tag="006">m        d        </controlfield>
	<controlfield tag="007">cr cn |||m|||a</controlfield>
	<controlfield tag="008">190404m19119999ua     jo     000 0 ara d</controlfield>
	<datafield ind1=" " ind2=" " tag="040">
		<subfield code="a">ZYU</subfield>
		<subfield code="b">ara</subfield>
		<subfield code="e">rda</subfield>
		<subfield code="c">ZYU</subfield>
	</datafield>
	<datafield ind1=" " ind2="4" tag="050">
		<subfield code="a">PJ6111</subfield>
		<subfield code="b">.K58 1911</subfield>
	</datafield>
	<datafield ind1="0" ind2="0" tag="245">
		<subfield code="6">880-01</subfield>
		<subfield code="a">Kitāb al-durūs al-naḥwīyah li-talāmīdh al-madāris al-ibtidāʼīyah /</subfield>
		<subfield code="c">taʼlīf Ḥifnī Bik Nāṣif [and others].</subfield>
	</datafield>
	<datafield ind1="1" ind2=" " tag="246">
		<subfield code="6">880-02</subfield>
		<subfield code="i">Title on title page of v.1:</subfield>
		<subfield code="a">Kitāb al-awwal min al-durūs al-naḥwīyah li-talāmīdh al-madāris al-ibtidāʼīyah</subfield>
	</datafield>
	<datafield ind1=" " ind2=" " tag="250">
		<subfield code="6">880-03</subfield>
		<subfield code="a">al-Ṭabʻah 11.</subfield>
	</datafield>
	<datafield ind1=" " ind2=" " tag="260">
		<subfield code="6">880-04</subfield>
		<subfield code="a">Miṣr :</subfield>
		<subfield code="b">al-Maṭbaʻah al-Amīrīyah,</subfield>
		<subfield code="c">1911-</subfield>
	</datafield>
	<datafield ind1=" " ind2=" " tag="300">
		<subfield code="a">online resource (volumes)</subfield>
	</datafield>
	<datafield ind1=" " ind2=" " tag="336">
		<subfield code="a">text</subfield>
		<subfield code="2">rdacontent</subfield>
	</datafield>
	<datafield ind1=" " ind2=" " tag="337">
		<subfield code="a">computer</subfield>
		<subfield code="2">rdamedia</subfield>
	</datafield>
	<datafield ind1=" " ind2=" " tag="338">
		<subfield code="a">online resource</subfield>
		<subfield code="2">rdacarrier</subfield>
	</datafield>
	<datafield ind1=" " ind2=" " tag="500">
		<subfield code="a">Cover title.</subfield>
	</datafield>
	<datafield ind1=" " ind2=" " tag="500">
		<subfield code="a">At head of title: Niẓārat al-Maʻārif al-ʻUmūmīyah.</subfield>
	</datafield>
	<datafield ind1=" " ind2=" " tag="500">
		<subfield code="a">Part of the Arabic Collections Online (ACO) project, contributed by Columbia University Libraries.</subfield>
	</datafield>
	<datafield ind1=" " ind2=" " tag="533">
		<subfield code="a">Electronic reproduction.</subfield>
		<subfield code="b">New York, N.Y. :</subfield>
		<subfield code="c">New York University,</subfield>
		<subfield code="d">2019.</subfield>
		<subfield code="5">NNU</subfield>
	</datafield>
	<datafield ind1=" " ind2="0" tag="650">
		<subfield code="a">Arabic language</subfield>
		<subfield code="x">Grammar</subfield>
		<subfield code="v">Textbooks.</subfield>
	</datafield>
	<datafield ind1=" " ind2="7" tag="650">
		<subfield code="a">Arabic language</subfield>
		<subfield code="x">Grammar.</subfield>
		<subfield code="2">fast</subfield>
		<subfield code="0">(OCoLC)fst00812341</subfield>
	</datafield>
	<datafield ind1=" " ind2="7" tag="655">
		<subfield code="a">Textbooks.</subfield>
		<subfield code="2">fast</subfield>
		<subfield code="0">(OCoLC)fst01423863</subfield>
	</datafield>
	<datafield ind1="1" ind2=" " tag="700">
		<subfield code="6">880-05</subfield>
		<subfield code="a">Nāṣif, Ḥifnī.</subfield>
	</datafield>
	<datafield ind1="1" ind2=" " tag="710">
		<subfield code="6">880-06</subfield>
		<subfield code="a">Egypt.</subfield>
		<subfield code="b">Niẓārat al-Maʻārif al-ʻUmūmīyah.</subfield>
	</datafield>
	<datafield ind1="2" ind2=" " tag="710">
		<subfield code="a">Columbia University.</subfield>
		<subfield code="b">Libraries.</subfield>
	</datafield>
	<datafield ind1="0" ind2=" " tag="730">
		<subfield code="a">Arabic Collections Online.</subfield>
	</datafield>
	<datafield ind1="0" ind2="8" tag="776">
		<subfield code="i">Print version:</subfield>
		<subfield code="t">Kitāb al-durūs al-naḥwīyah li-talāmīdh al-madāris al-ibtidāʼīyah</subfield>
		<subfield code="w">(NNC)650564</subfield>
		<subfield code="w">(OCoLC)62398365</subfield>
	</datafield>
	<datafield ind1="4" ind2="0" tag="856">
		<subfield code="u">http://hdl.handle.net/2333.1/9p8czj3w</subfield>
	</datafield>
	<datafield ind1="0" ind2="0" tag="880">
		<subfield code="6">245-01</subfield>
		<subfield code="a">كتاب الدروس النحوية لتلاميذ المدارس الابتدائية /</subfield>
		<subfield code="c">تأليف حفني بك ناصف ... [وغيره].</subfield>
	</datafield>
	<datafield ind1="3" ind2=" " tag="880">
		<subfield code="6">246-02</subfield>
		<subfield code="a">كتاب الاول من الدروس النحوية لتلاميذ المدارس الابتدائية</subfield>
	</datafield>
	<datafield ind1=" " ind2=" " tag="880">
		<subfield code="6">250-03</subfield>
		<subfield code="a">الطبعة 11.</subfield>
	</datafield>
	<datafield ind1=" " ind2=" " tag="880">
		<subfield code="6">260-04</subfield>
		<subfield code="a">مصر :</subfield>
		<subfield code="b">المطبعة الاميرية،</subfield>
		<subfield code="c">1911.</subfield>
	</datafield>
	<datafield ind1="1" ind2=" " tag="880">
		<subfield code="6">700-05</subfield>
		<subfield code="a">ناصف، حفني.</subfield>
	</datafield>
	<datafield ind1="1" ind2=" " tag="880">
		<subfield code="6">710-06</subfield>
		<subfield code="a">مصر.</subfield>
		<subfield code="b">نظارة المعارف العمومية.</subfield>
	</datafield>
	<datafield ind1=" " ind2=" " tag="959">
		<subfield code="a">NNU</subfield>
		<subfield code="b">WEB</subfield>
		<subfield code="c">GENI</subfield>
		<subfield code="t">0</subfield>
		<subfield code="m">Electronic access</subfield>
		<subfield code="s">01</subfield>
	</datafield>
	<datafield ind1=" " ind2=" " tag="999">
		<subfield code="i">NNC_650564</subfield>
		<subfield code="o">(OCoLC)ocm62398365</subfield>
		<subfield code="s">columbia_aco003675</subfield>
		<subfield code="e">(ERROR-880)</subfield>
		<subfield code="s">columbia_aco003675</subfield>
	</datafield>
</record>
